@ARTICLE{saito:industry,
	AUTHOR = "Kazuo Saito",
	TITLE = "Measurement of Fatigue in Industries",
	JOURNAL = "Industrial Health",
	VOLUME = {37},
	PAGES = {134-142},
	YEAR = {1999}	}
	
@ARTICLE{richmond:team,
	AUTHOR = "Coetzer GH, and Richmond L",
	TITLE = "Investigation of the effects of coffee on alertness and performance during the day and night.",
	JOURNAL = "Team Performance Management",
	VOLUME = {13},
	NUMBER = {1/2},
	PAGES = {5-20},
	YEAR = {2007}	}
	
@ARTICLE{schneiderman:interaction,
	AUTHOR = "Schneiderman B, and Mayer JE",
	TITLE = "Syntactic/semantic interaction in programmer behaviour: A model and experimental results.",
	JOURNAL = "Int J Comput Inf Sci",
	VOLUME = {8},
	NUMBER = {3},
	PAGES = {219-238},
	YEAR = {1979}	}
	
@ARTICLE{larson:cogFailures,
	AUTHOR = "Larson GE, Alderton DL, Neideffer M, and Underhill E",
	TITLE = "Further evidence on dimensionality and correlates of the Cognitive Failures Questionnaire.",
	JOURNAL = "Br J Psychol",
	VOLUME = {88},
	NUMBER = {1},
	PAGES = {29-38},
	YEAR = {1997}	}
	
@TechReport{rocco:gartner,
  author = 	 {"Rocco E, and Igou B."},
  title = 	 {"The critical role of high-availability infrastructure support services."},
  institution =  {"Gartner Research, Stamford"},
  year = 	 {"2001"} }
  
@ARTICLE{larson:cogFailures,
	AUTHOR = "Larson GE, Alderton DL, Neideffer M, and Underhill E",
	TITLE = "Further evidence on dimensionality and correlates of the Cognitive Failures Questionnaire.",
	JOURNAL = "Br J Psychol",
	VOLUME = {88},
	NUMBER = {1},
	PAGES = {29-38},
	YEAR = {1997}	}
	
@ARTICLE{smith:coffee,
	AUTHOR = "Smith AP, Brockman P, Flynn R, Maben A, and Thomas M",
	TITLE = "An empirical analysis of the relationship between adult attention deficit and effi-cacy for working in teams.",
	JOURNAL = "Neuropsychobiology ",
	VOLUME = {27},
	NUMBER = {4},
	PAGES = {217-223},
	YEAR = {1993}	}

@ARTICLE{khan:mood,
	AUTHOR = "Iftikhar Ahmed Khan, and Willem-Paul Brinkman",
	TITLE = "Do moods affect programmers' debug performance?",
	JOURNAL = "Cogn Tech Work",
	VOLUME = {13},
	PAGES = {245-258},
	MONTH = "February",
	YEAR = {2011}	}
	
@ARTICLE{lauren:defining,
	AUTHOR = "Lauren Aaronson, Cynthia Teel, Virginia Cassmeyer, Geri Neuberger, Leonie Pallikkathayil, Janet Pierce, Allan Press, Phoebe Williams, and Anita Wingate",
	TITLE = "Defining and Measuring Fatigue.",
	JOURNAL = "Journal Of Nursing Scholarship",
	VOLUME = {31},
	NUMBER = {1},
	PAGES = {45-50},
	YEAR = {1999}	}
	
@ARTICLE{stone:fatigue,
	AUTHOR = "A.A.Stone, J.E.Broderick, L.S.Porter, and A.T.Kaell",
	TITLE = "The experience of rheumatoid arthritis pain and fatigue: Examining momentary reports and correlates over one week.",
	JOURNAL = "Arthritis Care and Research",
	VOLUME = {10},
	PAGES = {185-193},
	YEAR = {1997}	}

@ARTICLE{pimenta:analysis,
	AUTHOR = "André Pimenta, Davide Carneiro, Paulo Novais, and José Neves",
	TITLE = "Analysis of Human Performance as a Measure of Mental Fatigue",
	JOURNAL = "HAIS, LNAI 8480",
	PAGES = {389-401},
	YEAR = {2014}	}
	
@ARTICLE{pimenta:monitor,
	AUTHOR = "André Pimenta, Davide Carneiro, Paulo Novais, and José Neves",
	TITLE = "Monitoring Mental Fatigue through the Analysis of Keyboard and Mouse Interaction Patterns",
	JOURNAL = "HAIS, LNAI 8073",
	PAGES = {222-231},
	YEAR = {2013}	}
	
@misc{website:wiki-fatigue,
      AUTHOR = "Wikipedia",
      TITLE = "Fatigue (medical)",
      MONTH = "November",
      YEAR = "2014",
      url = "http://en.wikipedia.org/wiki/Fatigue_%28medical%29",
      note = "http://en.wikipedia.org/wiki/Fatigue\_(medical)"}
      
@misc{website:blog-fatigue,
      AUTHOR = "Daniel Nanghaka",
      TITLE = "Developer Fatigue",
      MONTH = "August",
      YEAR = "2012",
      url = "http://dndannang.blogspot.com/2012/07/developer-fatigue.html",
      note = "http://dndannang.blogspot.com/2012/07/developer-fatigue.html"}
      
@BOOK{psychology:paul,
	AUTHOR = "Paul M. Muchinsky",
	TITLE = "Psychology Applied to Work",
	PUBLISHER = "Wadsworth/Thomson Learning",
	ADDRESS = "Belmont, CA",
	EDITION = "Sixth",
	YEAR = "2010"	}

@INPROCEEDINGS{clark:pct,
	AUTHOR = "Malcolm Clark",
	TITLE = "Post Congress Tristesse",
	BOOKTITLE = "TeX90 Conference Proceedings",
	PAGES = "84-89",
	ORGANIZATION = "TeX Users Group",
	MONTH = "March", 
	YEAR = {1991}	}

@ARTICLE{herlihy:methodology,
	AUTHOR = "Maurice Herlihy",
	TITLE = "A Methodology for Implementing Highly Concurrent
	Data Objects",
	JOURNAL = {ACM Trans. Program. Lang. Syst.},
	VOLUME = {15},
	NUMBER = {5},
	PAGES = {745-770},
	MONTH = "November",
	YEAR = {1993}	}

@BOOK{Lamport:LaTeX,
	AUTHOR = "Leslie Lamport",
	TITLE = "LaTeX User's Guide and Document Reference Manual",
	PUBLISHER = "Addison-Wesley Publishing Company",
	ADDRESS = "Reading, Massachusetts",
	YEAR = "1986"	}

@BOOK{salas:calculus,
	AUTHOR = "S.L. Salas and Einar Hille",
	TITLE = "Calculus: One and Several Variable",
	PUBLISHER = "John Wiley and Sons",
	ADDRESS = "New York",
	YEAR = "1978"	}